@manual{anleitung,
  author = "Tu-Dortmund",
  title = "Versuch 503: Der Millikan-Öltröpfchenversuch",
  date = {2017-05-29},
  url = {http://129.217.224.2/HOMEPAGE/PHYSIKER/BACHELOR/AP/SKRIPT/V504.pdf}
}
@online{austritt,
  author = "Spektrum",
  title = "Lexikon der Physik: Austrittsarbeit",
  date = {2017-05-29},
  url = {http://www.spektrum.de/lexikon/physik/austrittsarbeit/1067}
}
