@manual{anleitung,
  author = "Tu-Dortmund",
  title = "Versuch 303: Der Lock-In-Verst√§rker",
  date = {2016-12-19},
  url = {http://129.217.224.2/HOMEPAGE/PHYSIKER/BACHELOR/AP/SKRIPT/LockIn.pdf}
}
