@manual{anleitung,
  author = "TU-Dortmund",
  title = "Versuch 355: Gekoppelte Schwingkreise",
  date = {2017-02-06},
  url = {http://129.217.224.2/HOMEPAGE/PHYSIKER/BACHELOR/AP/SKRIPT/V355.pdf}
}
