@manual{anleitung,
  author = "Tu-Dortmund",
  title = "Versuch US2: Scanverfahren in der Ultraschalltechnik",
  date = {2017-06-26},
  url = {http://129.217.224.2/HOMEPAGE/PHYSIKER/BACHELOR/AP/SKRIPT/UltraschallScan.pdf}
}
@online{olympus,
  author = "olympus-ims.com",
  title = "Tutorial f√ºr Dickenmessung: Schallgeschwindigkeiten im Material",
  date = {2017-06-26},
  url = {http://www.olympus-ims.com/de/ndt-tutorials/thickness-gage/appendices-velocities/}
}
@online{spektrum,
  author = "Spektrum.de",
  title = "Lexikon der Astronomie: Schallgeschwindigkeit",
  date = {2017-06-26},
  url = {http://www.spektrum.de/lexikon/astronomie/schallgeschwindigkeit/423}
}
