@online{TUD,
  author = {Technische Universität Dresden},
  title = {Versuch: KA, Spezifische Wärmekapazität},
  date = {2016-11-28},
  url = {https://tu-dresden.de/mn/physik/ressourcen/dateien/studium/lehrveranstaltungen/praktika/pdf/KA.pdf?lang=en},
}
@online{ListeKapaz,
  author = {Chemie.de},
  title = {Liste der spezifischen Wärmekapazitäten},
  date = {2016-11-28},
  url = {http://www.chemie.de/lexikon/Liste_der_spezifischen_Wärmekapazitäten.html},
}
@online{chemga,
  author = {Chemgapedia.de},
  title = {Ideales Gas-Chemgapedia, Die allgemeine Gaskonstante},
  date = {2016-11-28},
  url = {http://www.chemgapedia.de/vsengine/vlu/vsc/de/ch/13/vlu/thermodyn/einfuehrung/ideales_gas.vlu/Page/vsc/de/ch/13/pc/thermodyn/einfuehrung/allg_gaskonst.vscml.html},
}
@manual{anleitung,
  author = "Tu-Dortmund",
  title = "Versuch 201: Das Dulong-Petitsche Gesetz",
  date = {2016-11-28},
  url = {http://129.217.224.2/HOMEPAGE/PHYSIKER/BACHELOR/AP/SKRIPT/V201.pdf}
}