@manual{anleitung,
  author = "Tu-Dortmund",
  title = "Versuch 602: RÃ¶ntgenemission und -absorption",
  date = {2017-06-01},
  url = {http://129.217.224.2/HOMEPAGE/PHYSIKER/BACHELOR/AP/SKRIPT/RoentgenAbs.pdf}
}
