@manual{anleitung,
  author = "TU Dortmund",
  title = "US1: Grundlagen der Ultraschalltechnik",
  url = "http://129.217.224.2/HOMEPAGE/PHYSIKER/BACHELOR/AP/SKRIPT/UltraschallGL.pdf",
  date = "2017-04-25",
}
@manual{auge,
  author = "Mathematik.de",
  title = "Hintergrund-Information: Das Menschliche Auge in Zahlen",
  url = "http://www.mathematik.de/spudema/spudema_beitraege/rooch/fenster/auge.html",
  date = "2017-04-28",
}
@manual{acryl,
  author = "Olympus",
  title = "Material Sound Velocities",
  url = "http://www.olympus-ims.com/de/ndt-tutorials/thickness-gage/appendices-velocities",
  date = "2017-04-28",
}
@manual{daempf,
  author = "GAMPT mbH",
  title = "Versuchsanleitungen - Ultraschall im Praktikum",
  url = "http://www.gampt.de/content/cms/downloads/pdf/experiments_deu_web.pdf",
  date = "2017-05-09",
}
