@manual{anleitung,
  author = "Tu-Dortmund",
  title = "Versuch 27: Der Zeeman-Effekt",
  date = {2018-09-10},
  url = {http://129.217.224.2/HOMEPAGE/PHYSIKER/BACHELOR/FP/SKRIPT/V27.pdf}
}
