@online{GFZPot,
  author = {Helmholtz Centre Potsdam},
  title = {IGRF Declination Calculator},
  date = {2018-05-28},
  url = {http://isdc.gfz-potsdam.de/geomagnetism/igrf-declination-calculator/},
}

@manual{anleitung,
  author = "Tu-Dortmund",
  title = "Versuch 21: Optisches Pumpen",
  date = {2018-05-28},
  url = {http://129.217.224.2/HOMEPAGE/PHYSIKER/BACHELOR/FP/SKRIPT/V21n_TeachSpin_new.pdf}
}

@online{scipyconst,
  author = {Scipy},
  title = {Constants},
  date = {2018-05-28},
  url = {https://docs.scipy.org/doc/scipy/reference/constants.html},
}

@online{rubwi,
  author = {wikipedia},
  title = {Rubidium},
  date = {2018-05-31},
  url = {https://de.wikipedia.org/wiki/Rubidium},
}
@online{seilnacht,
  author = {Thomas Seilnacht},
  title = {Periodensystem: Rubidium},
  date = {2018-05-31},
  url = {http://www.seilnacht.com/Lexikon/37Rubid.htm},
}
