@manual{anleitung,
  author = "TU-Dortmund",
  title = "Versuch 703: Das Geiger-Müller-Zählrohr",
  date = {2017-04-24},
  url = {http://129.217.224.2/HOMEPAGE/PHYSIKER/BACHELOR/AP/SKRIPT/V703.pdf}
}
@online{geigerwiki,
  author = {Wikipedia.org},
  title = {Zählrohr},
  date = {2017-04-24},
  url = {https://de.wikipedia.org/wiki/Z%C3%A4hlrohr},
}
