@manual{anleitung,
  author = "Physikalisches Praktikum der Fakult√§t Physik, TU Dortmund",
  title = "V64: Interferometrie",
  url = "http://129.217.224.2/HOMEPAGE/PHYSIKER/BACHELOR/FP/SKRIPT/Interferometrie.pdf",
  date = "2018-06-19",
}
@manual{Luft,
  author = "Mikhail Polyanskiy",
  title = "Optical constants of Air",
  url = "https://refractiveindex.info/?shelf=other&book=air&page=Ciddor",
  year = "1996",
  }
