@manual{anleitung,
  author = "Tu-Dortmund",
  title = "Versuch 406: Beugung am Spalt",
  date = {2017-05-15},
  url = {http://129.217.224.2/HOMEPAGE/PHYSIKER/BACHELOR/AP/SKRIPT/V406.pdf}
}
