@online{UMaStFl,
  author = {Uni-Magdeburg},
  title = {Stoffwerte-Flüssigkeiten},
  date = {2016-11-21},
  url = {http://www.uni-magdeburg.de/isut/LSS/Lehre/Arbeitsheft/IV.pdf},
}
@online{Maschbau,
  author = {Maschinenbau-Wissen.de},
  title = {Reynoldszahl und Strömungsarten},
  date = {2016-11-21},
  url = {http://www.maschinenbau-wissen.de/skript3/fluidtechnik/hydraulik/202-reynoldszahl},
}
@online{Spektrum,
  author = {Spektrum.de},
  title = {Lexikon der Physik-Rohrströmung},
  date = {2016-11-21},
  url = {http://www.spektrum.de/lexikon/physik/rohrstroemung/12508}
}
@manual{anleitung,
  author = "Tu-Dortmund",
  title = "Versuch 207: Das Kugelfall-Viskosimeter nach Höppler",
  date = {2016-11-18},
  url = {http://129.217.224.2/HOMEPAGE/PHYSIKER/BACHELOR/AP/SKRIPT/Viskositaet.pdf}
}
