@manual{anleitung,
  author = "Tu-Dortmund",
  title = "Versuch 704: Absorption von Gamma- und Beta-Strahlung",
  date = {2017-05-01},
  url = {http://129.217.224.2/HOMEPAGE/PHYSIKER/BACHELOR/AP/SKRIPT/V704.pdf}
}
