@manual{anleitung,
  author = "Tu-Dortmund",
  title = "Versuch 503: Der Millikan-Öltröpfchenversuch",
  date = {2017-05-23},
  url = {http://129.217.224.2/HOMEPAGE/PHYSIKER/BACHELOR/AP/SKRIPT/Millikan.pdf}
}
@online{faraday,
  author = "physics.nist.gov",
  title = "Faraday-constant",
  date = {2017-05-30},
  url = {http://physics.nist.gov/cgi-bin/cuu/Value?f}
}
@online{avogadro,
  author = "http://physics.nist.gov",
  title = "Avogadro constant",
  date = {2017-05-30},
  url = {http://physics.nist.gov/cgi-bin/cuu/Value?na}
}
@online{Normaldruck,
  author = "spektrum.de",
  title = "Normaldruck",
  date = {2017-05-23},
  url = {http://www.spektrum.de/lexikon/physik/normaldruck/10415}
}
@online{Elementarladung,
  author = "lernhilfe.de",
  title = "Elementarladung",
  date = {2017-05-23},
  url = {https://www.lernhelfer.de/schuelerlexikon/physik/artikel/elementarladung}
}
