@manual{anleitung,
  author = "Tu-Dortmund",
  title = "Versuch 606: ",
  date = {2017-06-19},
  url = {http://129.217.224.2/HOMEPAGE/PHYSIKER/BACHELOR/AP/SKRIPT/V504.pdf}
}
@online{mol1,
  author = "ConvertUnits.com",
  title = "Molecular weight and molar mass for chemistry problems",
  date = {2017-06-19},
  url = {http://www.convertunits.com/molarmass/}
}
@online{mol2,
  author = "WebQC.org",
  title = "Rechner f√ºr Molare Masse, Molekulargewicht und Elementare Zusammensetzung",
  date = {2017-06-19},
  url = {http://de.webqc.org/mmcalc.php}
}
