@manual{anleitung,
  author = "TU-Dortmund",
  title = "US3 : Doppler-Sonographie",
  date = {2017-07-03},
  url = {http://129.217.224.2/HOMEPAGE/PHYSIKER/BACHELOR/AP/SKRIPT/DopplerSonogr.pdf}
}
