@manual{anleitung,
  author = "Physikalisches Praktikum der Fakult√§t Physik, TU Dortmund",
  title = "V01: Lebensdauer kosmischer Myonen",
  url = "http://129.217.224.2/HOMEPAGE/PHYSIKER/BACHELOR/FP/SKRIPT/V01.pdf",
  date = "2018-05-01",
}
@manual{literaturwert,
author = "Particle Data Group",
title = "Muon mass",
url = "http://pdg.lbl.gov/2014/listings/rpp2014-list-muon.pdf",
date = "2018-05-01",
}
