@manual{anleitung,
  author = "TU-Dortmund",
  title = "Versuch 103: Biegung elastischer Stäbe",
  date = {2016-12-26},
  url = {http://129.217.224.2/HOMEPAGE/PHYSIKER/BACHELOR/AP/SKRIPT/V103.pdf}
}

@online{chemie,
  author = "chemie.de",
  title = "Elastizitätsmodul",
  date = {2016-12-27},
  url = {http://www.chemie.de/lexikon/Elastizit%C3%A4tsmodul.html}
}
