@manual{anleitung,
  author = "Tu-Dortmund",
  title = "Versuch 503: Der Millikan-Öltröpfchenversuch",
  date = {2017-05-19},
  url = {http://129.217.224.2/HOMEPAGE/PHYSIKER/BACHELOR/AP/SKRIPT/Millikan.pdf}
}
