@manual{V51,
  author = "Tu-Dortmund",
  title = "Versuch 51: Schaltungen mit Operationsverst√§rkern",
  date = {2018-09-10},
  url = {http://129.217.224.2/HOMEPAGE/PHYSIKER/BACHELOR/FP/SKRIPT/V51.pdf}
}
