@online{gwag,
  author = {Grund-Wissen.de},
  title = {Die allgemeine Gasgleichung},
  date = {2016-12-02},
  url = {http://grund-wissen.de/physik/waermelehre/allgemeine-gasgleichung.html},
}
@online{chemst,
  author = {Chemie.de},
  title = {Wasser (Stoffdaten)},
  date = {2016-12-05},
  url = {http://www.chemie.de/lexikon/Wasser_(Stoffdaten).html},
}
@online{chemth,
  author = {Chemie.de},
  title = {Kritischer Punkt (Thermodynamik)},
  date = {2016-12-05},
  url = {http://www.chemie.de/lexikon/Kritischer_Punkt_(Thermodynamik).html},
}
@online{chemav,
  author = {Chemie.de},
  title = {Avogadro-Konstante},
  date = {2016-12-05},
  url = {http://www.chemie.de/lexikon/Avogadro-Konstante.html},
}
@online{chemga,
  author = {Chemgapedia.de},
  title = {Ideales Gas-Chemgapedia, Die allgemeine Gaskonstante},
  date = {2016-12-05},
  url = {http://www.chemgapedia.de/vsengine/vlu/vsc/de/ch/13/vlu/thermodyn/einfuehrung/ideales_gas.vlu/Page/vsc/de/ch/13/pc/thermodyn/einfuehrung/allg_gaskonst.vscml.html},
}
@manual{anleitung,
  author = "Tu-Dortmund",
  title = "Versuch 203: Verdampfungsw√§rme und Dampfdruck-Kurve",
  date = {2016-12-02},
  url = {http://129.217.224.2/HOMEPAGE/PHYSIKER/BACHELOR/AP/SKRIPT/V203.pdf}
}
