@manual{anleitung,
  author = "TU-Dortmund",
  title = "Versuch 354: Ged√§mpfte und erzwungene Schwingungen",
  date = {2017-01-30},
  url = {http://129.217.224.2/HOMEPAGE/PHYSIKER/BACHELOR/AP/SKRIPT/V354.pdf}
}
