@manual{anleitung,
  author = "TU-Dortmund",
  title = "Versuch 302: Elektrische Br√ºckenschalttungen",
  date = {2017-01-09},
  url = {http://129.217.224.2/HOMEPAGE/PHYSIKER/BACHELOR/AP/SKRIPT/V302.pdf}
}
