@manual{anleitung,
  author = "TU-Dortmund",
  title = "Versuch 351: Fourier-Analyse und Synthese",
  date = {2017-01-23},
  url = {http://129.217.224.2/HOMEPAGE/PHYSIKER/BACHELOR/AP/SKRIPT/V351.pdf}
}
