@online{chemga,
  author = {Chemgapedia.de},
  title = {Ideales Gas-Chemgapedia, Die allgemeine Gaskonstante},
  date = {2016-12-05},
  url = {http://www.chemgapedia.de/vsengine/vlu/vsc/de/ch/13/vlu/thermodyn/einfuehrung/ideales_gas.vlu/Page/vsc/de/ch/13/pc/thermodyn/einfuehrung/allg_gaskonst.vscml.html},
}
@manual{dulong,
  author = "Tu-Dortmund",
  title = "Versuch 201: Das Dulong-Petitsche Gesetz",
  date = {2016-11-28},
  url = {http://129.217.224.2/HOMEPAGE/PHYSIKER/BACHELOR/AP/SKRIPT/V201.pdf}
}
@manual{anleitung,
  author = "Tu-Dortmund",
  title = "Versuch 206: Die Wärmepumpe",
  date = {2017-02-05},
  url = {http://129.217.224.2/HOMEPAGE/PHYSIKER/BACHELOR/AP/SKRIPT/V206.pdf}
}
@manual{v203,
  author = "Tu-Dortmund",
  title = "Versuch 203: Verdampfungswärme und Dampfdruck-Kurve",
  date = {2016-12-02},
  url = {http://129.217.224.2/HOMEPAGE/PHYSIKER/BACHELOR/AP/SKRIPT/V203.pdf}
}
@online{ibs,
  author = {IBS Ingenieurbüro für Haustechnik Schreiner},
  title = {Wärmepumpen-Grundlagen.Kennzahlen:Wirkungsgrad,Leistungszahl und Jahresarbeitszahl;Physikalische Grundlagen,Aufbau und Funktion;Kältemittel;Klassifikation;Wärmequellen.},
  date = {2017-02-07},
  url = {http://energieberatung.ibs-hlk.de/planwp.htm},
}
