@manual{anleitung,
  author = "Tu-Dortmund",
  title = "Versuch 602: Röntgenemission und -absorption",
  date = {2017-06-01},
  url = {http://129.217.224.2/HOMEPAGE/PHYSIKER/BACHELOR/AP/SKRIPT/RoentgenAbs.pdf}
}

@manual{wissen,
author = "wissen.science-andfun.de",
title = "Wellenlängen und Anregungsenergien von K- und L-Absorptionskanten",
date = {2017-06-01},
url = {https://wissen.science-and-fun.de/tabellen-fur-spektroskopiker/wellenlaengen-und-anregungsenergien-von-k-und-l-absorptionskanten/}
}
