
@manual{anleitung,
  author = "Tu-Dortmund",
  title = "Versuch 408: Geometrische Optik",
  date = {2017-05-08},
  url = {http://129.217.224.2/HOMEPAGE/PHYSIKER/BACHELOR/AP/SKRIPT/V408.pdf}
}
