@manual{anleitung,
  author = "TU-Dortmund",
  title = "Versuch 356: Kettenschaltungen mit LC-Gliedern",
  date = {2017-01-16},
  url = {http://129.217.224.2/HOMEPAGE/PHYSIKER/BACHELOR/AP/SKRIPT/V356.pdf}
}
